<?xml version="1.0" encoding="UTF-8"?><collection xmlns="http://www.loc.gov/MARC21/slim"><record><leader>00451nam--2200181-i-4500</leader><controlfield tag="001">000032244</controlfield><controlfield tag="002">20161230</controlfield><controlfield tag="005">20170125142352</controlfield><controlfield tag="008">060222s1000------------r-----000-0-eng-d</controlfield><datafield ind1=" " ind2=" " tag="080"><subfield code="a">539.126</subfield></datafield><datafield ind1=" " ind2=" " tag="100"><subfield code="a">Mayer, C</subfield></datafield><datafield ind1=" " ind2=" " tag="245"><subfield code="a">A determination of the mass of the hyperon</subfield></datafield><datafield ind1=" " ind2=" " tag="260"><subfield code="a">Bruxelles</subfield><subfield code="b">Inst.De Physique</subfield><subfield code="c">1967</subfield></datafield><datafield ind1=" " ind2=" " tag="300"><subfield code="a">5 p.+ 1 Fig</subfield></datafield><datafield ind1=" " ind2=" " tag="490"><subfield code="a">Bulletin Nr.32</subfield></datafield><datafield ind1=" " ind2=" " tag="700"><subfield code="a">Tompa, E</subfield></datafield><datafield ind1=" " ind2=" " tag="852"><subfield code="a">19411</subfield></datafield><datafield ind1=" " ind2=" " tag="CAT"><subfield code="a">SYS</subfield><subfield code="c">20170125</subfield><subfield code="h">142352</subfield></datafield></record></collection>